<record><leader>00000cas a22000007a 4500</leader><controlfield tag="001">14583918</controlfield><controlfield tag="008">861031d1953195uinuwr ne      0    0eng d</controlfield><datafield ind1=" " ind2=" " tag="010"><subfield code="a">sn 86058949 </subfield></datafield><datafield ind1=" " ind2=" " tag="040"><subfield code="a">NPI</subfield><subfield code="b">eng</subfield><subfield code="c">NPI</subfield><subfield code="d">OCLCQ</subfield></datafield><datafield ind1="0" ind2="4" tag="245"><subfield code="a">The Community gazette.</subfield></datafield><datafield ind1=" " ind2=" " tag="260"><subfield code="a">Tennyson, Ind. :</subfield><subfield code="b">Dorothy Lamb,</subfield><subfield code="c">1953-</subfield></datafield><datafield ind1=" " ind2=" " tag="300"><subfield code="a">v.</subfield></datafield><datafield ind1="0" ind2=" " tag="362"><subfield code="a">Vol. 1, no. 1 (Dec. 17, 1953)-</subfield></datafield><datafield ind1=" " ind2=" " tag="500"><subfield code="a">"Covering Dale, Chrisney, Gentryville, Lincoln City."</subfield></datafield><datafield ind1=" " ind2=" " tag="752"><subfield code="a">United States</subfield><subfield code="b">Indiana</subfield><subfield code="c">Spencer</subfield><subfield code="d">Tennyson.</subfield></datafield><datafield ind1=" " ind2=" " tag="752"><subfield code="a">United States</subfield><subfield code="b">Indiana</subfield><subfield code="c">Spencer.</subfield></datafield></record>